% Ipopt
@article{wachter2006implementation,
  title={On the implementation of an interior-point filter line-search algorithm for large-scale nonlinear programming},
  author={W{\"a}chter, Andreas and Biegler, Lorenz T.},
  journal={Mathematical Programming},
  volume={106},
  number={1},
  pages={25--57},
  year={2006},
  publisher={Springer},
  doi={10.1007/s10107-004-0559-y}
}

@software{percival-jl,
author = {Antunes dos Santos, Egmara and Migot, Tangi and Orban, Dominique and Soares Siqueira, Abel and contributors},
license = {MPL-2.0},
title = {{Percival.jl: an augmented Lagrangian method}},
url = {https://github.com/JuliaSmoothOptimizers/Percival.jl},
version = {0.7.0},
year = {2023},
doi = {10.5281/zenodo.3969045}
}

@software{orban-siqueira-nlpmodels-2020,
author = {Orban, Dominique and Soares Siqueira, Abel and contributors},
license = {MPL-2.0},
title = {{NLPModels.jl: Data Structures for Optimization Models}},
url = {https://github.com/JuliaSmoothOptimizers/NLPModels.jl},
DOI = {10.5281/zenodo.2558627},
version = {0.20.0},
year = {2023}
}

@software{orban-siqueira-nlpmodels-2021,
author = {Migot, Tangi and Montoison, Alexis and Orban, Dominique and Soares Siqueira, Abel and contributors},
license = {MPL-2.0},
title = {{ADNLPModels.jl: Automatic differentiation models implementing the NLPModels API}},
url = {https://github.com/JuliaSmoothOptimizers/ADNLPModels.jl},
DOI = {10.5281/zenodo.4605982},
version = {0.7.0},
year = {2023}
}

@article{bezanson2017julia,
  title={Julia: A fresh approach to numerical computing},
  author={Bezanson, Jeff and Edelman, Alan and Karpinski, Stefan and Shah, Viral B.},
  journal={SIAM Review},
  volume={59},
  number={1},
  pages={65--98},
  year={2017},
  publisher={SIAM},
  doi={10.1137/141000671}
}

@Inbook{byrd2006k,
author="Byrd, Richard H.
and Nocedal, Jorge
and Waltz, Richard A.",
title="Knitro: An integrated package for nonlinear optimization",
bookTitle="Large-Scale Nonlinear Optimization",
year="2006",
publisher="Springer US",
address="Boston, MA",
pages="35--59",
doi="10.1007/0-387-30065-1",
}

@article{jump,
  author = {Iain Dunning and Joey Huchette and Miles Lubin},
  title = {{JuMP}: A Modeling Language for Mathematical Optimization},
  journal = {SIAM Review},
  volume = {59},
  number = {2},
  pages = {295-320},
  year = {2017},
  doi = {10.1137/15M1020575},
}

@book{fourer2003ampl,
  title={AMPL. A modeling language for mathematical programming},
  author={Fourer, Robert and Gay, David M. and Kernighan, Brian W.},
  year={2003},
  publisher={2nd ed., Brooks/Cole, Pacific Grove, CA},
  isbn={0-534-38809-4},
  doi = {10.1287/mnsc.36.5.519},
}

@software{Dussault_AdaptiveRegularization_jl_A_unified,
author = {Dussault, Jean-Pierre and Goyette, Samuel and Migot, Tangi and Orban, Dominique and contributors},
license = {MIT},
title = {{AdaptiveRegularization.jl: A unified efficient implementation of trust-region type algorithms for unconstrained optimization}},
url = {https://github.com/JuliaSmoothOptimizers/AdaptiveRegularization.jl},
DOI = {10.5281/zenodo.10434673},
year = {2023},
version = {0.1.0}
}

@software{orban-siqueira-jsosolvers-2021,
author = {Migot, Tangi and Orban, Dominique and Soares Siqueira, Abel and contributors},
license = {MPL-2.0},
title = {{JSOSolvers.jl: JuliaSmoothOptimizers optimization solvers}},
url = {https://github.com/JuliaSmoothOptimizers/JSOSolvers.jl},
DOI = {10.5281/zenodo.3991143},
version = {0.11.0},
year = {2023}
}

@software{orban-siqueira-solvercore-2021,
author = {Migot, Tangi and Orban, Dominique and Soares Siqueira, Abel and contributors},
license = {MPL-2.0},
title = {{SolverCore.jl: Core package to build novel solvers in Julia}},
url = {https://github.com/JuliaSmoothOptimizers/SolverCore.jl},
DOI = {10.5281/zenodo.4758376},
version = {0.3.7},
year = {2023}
}

@software{orban-siqueira-solverbenchmark-2020,
author = {Orban, Dominique and Soares Siqueira, Abel and contributors},
license = {MPL-2.0},
title = {{SolverBenchmark.jl: Benchmark Tools for Solvers}},
url = {https://github.com/JuliaSmoothOptimizers/SolverBenchmark.jl},
DOI = {10.5281/zenodo.3948381},
version = {0.6.0},
year = {2023}
}

@article{migot2022dcisolver,
  title={{DCISolver.jl}: A {Julia} Solver for Nonlinear Optimization using Dynamic Control of Infeasibility},
  author={Migot, Tangi and Orban, Dominique and Siqueira, Abel Soares},
  journal={Journal of Open Source Software},
  volume={7},
  number={70},
  pages={3991},
  year={2022},
  doi={10.21105/joss.03991}
}

@article{Orban_A_regularization_method_2020,
author = {Orban, Dominique and Soares Siqueira, Abel},
doi = {10.1007/s10589-020-00201-2},
journal = {Computational Optimization and Applications},
number = {3},
pages = {961},
title = {{A regularization method for constrained nonlinear least squares}},
volume = {76},
year = {2020}
}

@software{orban-leconte-ripqp-2020,
  author = {Dominique Orban and Geoffroy Leconte and contributors},
  title = {{RipQP.jl}: Regularized Interior Point solver for Quadratic Problems},
  url = {https://github.com/JuliaSmoothOptimizers/RipQP.jl},
  year = {2020},
  DOI = {10.5281/zenodo.4309783},
}

@software{Migot_FletcherPenaltySolver_jl_2022,
author = {Migot, Tangi and Orban, Dominique and Soares Siqueira, Abel and contributors},
license = {MPL-2.0},
title = {{FletcherPenaltySolver.jl: Fletcher's penalty method for nonlinear optimization models}},
url = {https://github.com/JuliaSmoothOptimizers/FletcherPenaltySolver.jl},
doi = {10.5281/zenodo.7153564},
version = {0.2.4},
year = {2023}
}

@article{shin2023accelerating,
  title={Accelerating optimal power flow with {GPU}s: {SIMD} abstraction of nonlinear programs and condensed-space interior-point methods},
  author={Shin, Sungho and Pacaud, Fran{\c{c}}ois and Anitescu, Mihai},
  journal={arXiv preprint arXiv:2307.16830},
  year={2023},
  doi = {10.2139/ssrn.4601442}
}

@article{legat2021mathoptinterface,
    title={{MathOptInterface}: a data structure for mathematical optimization problems},
    author={Legat, Beno{\^\i}t and Dowson, Oscar and Dias Garcia, Joaquim and Lubin, Miles},
    journal={INFORMS Journal on Computing},
    year={2021},
    volume={34},
    number={2},
    pages={672--689},
    doi={10.1287/ijoc.2021.1067},
    publisher={INFORMS}
}
